<collection xmlns="http://www.loc.gov/MARC21/slim">
<record>
  <leader>00989nam0a2200217 i 450 </leader>
  <controlfield tag="001">IT\ICCU\CNCE\005295</controlfield>
  <controlfield tag="005">20100805000000.0</controlfield>
  <datafield tag="012" ind1=" " ind2=" ">
    <subfield code="a">i-n- u-us uste tues (3) 1571 (R)</subfield>
    <subfield code="2">fei</subfield>
  </datafield>
  <datafield tag="100" ind1=" " ind2=" ">
    <subfield code="a">19970101d1571        0itac0103    ba</subfield>
  </datafield>
  <datafield tag="101" ind1=" " ind2=" ">
    <subfield code="a">LAT</subfield>
  </datafield>
  <datafield tag="102" ind1=" " ind2=" ">
    <subfield code="a">IT</subfield>
  </datafield>
  <datafield tag="200" ind1="1" ind2=" ">
    <subfield code="a">Constitutiones editae in diocesana synodo Beneuentana anno Domini MDLXVII ab illustrissimo &amp; reuerendissimo d. Iacobo Sabello S.R.E.tt.Sancte Mariae in Cosmedin presbytero cardinali archiepiscopo Beneuentano</subfield>
  </datafield>
  <datafield tag="210" ind1=" " ind2=" ">
    <subfield code="a">Romae</subfield>
    <subfield code="c">apud haeredes Antonii Bladii impressores camerales</subfield>
    <subfield code="d">1571</subfield>
  </datafield>
  <datafield tag="215" ind1=" " ind2=" ">
    <subfield code="a">79, \1! p.</subfield>
    <subfield code="d">8ʻ</subfield>
  </datafield>
  <datafield tag="620" ind1=" " ind2=" ">
    <subfield code="a">IT</subfield>
    <subfield code="d">Roma</subfield>
  </datafield>
  <datafield tag="710" ind1="0" ind2="2">
    <subfield code="a">Benevento</subfield>
    <subfield code="c"> &lt;Arcidiocesi&gt;</subfield>
    <subfield code="3">IT\ICCU\CNCT\001604</subfield>
  </datafield>
  <datafield tag="712" ind1="0" ind2="0">
    <subfield code="a">Blado, Antonio - eredi</subfield>
    <subfield code="3">IT\ICCU\CNCT\000148</subfield>
    <subfield code="4">650</subfield>
  </datafield>
  <datafield tag="801" ind1=" " ind2="3">
    <subfield code="a">IT</subfield>
    <subfield code="b">ICCU</subfield>
    <subfield code="c">20201113</subfield>
  </datafield>
  <datafield tag="899" ind1=" " ind2=" ">
    <subfield code="a">Biblioteca Pio XI del Seminario arcivescovile. Benevento</subfield>
    <subfield code="1">BN0064</subfield>
    <subfield code="2">NAP BP</subfield>
  </datafield>
  <datafield tag="899" ind1=" " ind2=" ">
    <subfield code="a">Biblioteca Apostolica Vaticana. Citt ̉del Vaticano</subfield>
    <subfield code="1">EX0001</subfield>
    <subfield code="2">ZCV 01</subfield>
  </datafield>
  <datafield tag="899" ind1=" " ind2=" ">
    <subfield code="a">Biblioteca Casanatense. Roma</subfield>
    <subfield code="1">RM0313</subfield>
    <subfield code="2">RML 07</subfield>
  </datafield>
</record>
</collection>
